<record><leader>00000cas a2200000 a 4500</leader><controlfield tag="001">13501232</controlfield><controlfield tag="008">860428d18891925mouwr ne      0    0eng d</controlfield><datafield ind1=" " ind2=" " tag="010"><subfield code="a">sn 86063326 </subfield></datafield><datafield ind1=" " ind2=" " tag="040"><subfield code="a">KSH</subfield><subfield code="b">eng</subfield><subfield code="c">KSH</subfield><subfield code="d">NPT</subfield><subfield code="d">MQN</subfield><subfield code="d">OCL</subfield><subfield code="d">OCLCQ</subfield></datafield><datafield ind1=" " ind2=" " tag="042"><subfield code="a">msc</subfield></datafield><datafield ind1="0" ind2="4" tag="245"><subfield code="a">The Border telephone.</subfield></datafield><datafield ind1="3" ind2="0" tag="246"><subfield code="a">Border Bates County telephone</subfield></datafield><datafield ind1="3" ind2="0" tag="246"><subfield code="a">Bates County border telephone</subfield></datafield><datafield ind1=" " ind2=" " tag="260"><subfield code="a">Hume, Mo. :</subfield><subfield code="b">Moore &amp; Son,</subfield><subfield code="c">-1925.</subfield></datafield><datafield ind1=" " ind2=" " tag="300"><subfield code="a">v. :</subfield><subfield code="b">ill. ;</subfield><subfield code="c">51 cm.</subfield></datafield><datafield ind1=" " ind2=" " tag="310"><subfield code="a">Weekly</subfield></datafield><datafield ind1="1" ind2=" " tag="362"><subfield code="a">Began in 1889.</subfield><subfield code="z">Cf. Ayer, 1924.</subfield></datafield><datafield ind1="0" ind2=" " tag="362"><subfield code="a">-v. 37, no. 29 (Sept. 10, 1925).</subfield></datafield><datafield ind1=" " ind2=" " tag="500"><subfield code="a">"Bates County" appears in center of title with decorative ornaments on some issues.</subfield></datafield><datafield ind1=" " ind2=" " tag="588"><subfield code="a">Description based on: Vol. 2, no. 33 (Oct. 24, 1890).</subfield></datafield><datafield ind1=" " ind2=" " tag="752"><subfield code="a">United States</subfield><subfield code="b">Missouri</subfield><subfield code="c">Bates</subfield><subfield code="d">Hume.</subfield></datafield><datafield ind1="0" ind2="0" tag="785"><subfield code="t">Border messenger</subfield><subfield code="w">(DLC)sn 90061111</subfield></datafield><datafield ind1="1" ind2=" " tag="029"><subfield code="a">AU@</subfield><subfield code="b">000022167922</subfield></datafield></record>